@Article{Gao2022,
  author    = {Gao, Zixuan and Liang, Jiuyang and Xu, Zhenli},
  journal   = {Journal of Scientific Computing},
  title     = {A Kernel-Independent Sum-of-Exponentials Method},
  year      = {2022},
  month     = {sep},
  number    = {2},
  volume    = {93},
  doi       = {10.1007/s10915-022-01999-1},
  publisher = {Springer Science and Business Media {LLC}},
}

@Book{Zwillinger2021,
  author    = {Zwillinger, Daniel and Dobrushkin, Vladimir},
  publisher = {Chapman and Hall/{CRC}},
  title     = {Handbook of Differential Equations},
  year      = {2021},
  edition   = {4th},
  isbn      = {9780429286834},
  month     = {dec},
  doi       = {10.1201/9780429286834},
}

@Article{Cortes2009,
  author    = {Cort\'{e}s, Fernando and Mateos, Modesto and Elejabarrieta, Mar\'ia Jes\'us},
  journal   = {Computers \& Structures},
  title     = {A direct integration formulation for exponentially damped structural systems},
  year      = {2009},
  month     = {mar},
  number    = {5-6},
  pages     = {391--394},
  volume    = {87},
  doi       = {10.1016/j.compstruc.2008.11.003},
  publisher = {Elsevier {BV}},
}

@Book{Adhikari2014,
  author    = {Adhikari, Sondipon},
  publisher = {Wiley \& Sons, Limited, John},
  title     = {Structural Dynamic Analysis with Generalized Damping Models Analysis},
  year      = {2014},
  isbn      = {9781848215214},
  pages     = {362},
  subtitle  = {Analysis},
}

@Article{Adhikari2004,
  author    = {Adhikari, S. and Wagner, N.},
  journal   = {Computers \& Structures},
  title     = {Direct time-domain integration method for exponentially damped linear systems},
  year      = {2004},
  month     = {nov},
  number    = {29-30},
  pages     = {2453--2461},
  volume    = {82},
  doi       = {10.1016/j.compstruc.2004.08.004},
  publisher = {Elsevier {BV}},
}

@Comment{jabref-meta: databaseType:bibtex;}
